<record><leader>00000cas a2200000 a 4500</leader><controlfield tag="001">10842615</controlfield><controlfield tag="008">840614d18731881vtuwr ne      0    0eng d</controlfield><datafield ind1=" " ind2=" " tag="010"><subfield code="a">sn 84023218 </subfield></datafield><datafield ind1=" " ind2=" " tag="040"><subfield code="a">AQM</subfield><subfield code="b">eng</subfield><subfield code="c">AQM</subfield><subfield code="d">NPX</subfield><subfield code="d">NPU</subfield><subfield code="d">DLC</subfield><subfield code="d">NVN</subfield><subfield code="d">OCLCF</subfield><subfield code="d">DLC</subfield><subfield code="d">OCLCO</subfield></datafield><datafield ind1="1" ind2=" " tag="029"><subfield code="a">AU@</subfield><subfield code="b">000025821256</subfield></datafield><datafield ind1=" " ind2=" " tag="042"><subfield code="a">msc</subfield></datafield><datafield ind1="0" ind2="0" tag="050"><subfield code="a">Newspaper 9988-A</subfield></datafield><datafield ind1="0" ind2="4" tag="245"><subfield code="a">The Vermont citizen.</subfield></datafield><datafield ind1=" " ind2=" " tag="260"><subfield code="a">Morrisville, Vt. :</subfield><subfield code="b">A.A. Earle,</subfield><subfield code="c">1873-1881.</subfield></datafield><datafield ind1=" " ind2=" " tag="300"><subfield code="a">v. :</subfield><subfield code="b">ill. (chiefly advertisements) ;</subfield><subfield code="c">66-75 cm.</subfield></datafield><datafield ind1=" " ind2=" " tag="310"><subfield code="a">Weekly</subfield></datafield><datafield ind1="0" ind2=" " tag="362"><subfield code="a">Vol, 1, no. 1 (Apr. 3, 1873)-v. 9, no. 39 (Dec. 15, 1881).</subfield></datafield><datafield ind1=" " ind2=" " tag="500"><subfield code="a">Editor: A.A. Earle, &lt;1873&gt;, &lt;1876&gt;.</subfield></datafield><datafield ind1=" " ind2=" " tag="580"><subfield code="a">Merged with: Lamoille news to form: News and citizen (Morrisville, Vt.).</subfield></datafield><datafield ind1=" " ind2="0" tag="651"><subfield code="a">Morrisville (Vt.)</subfield><subfield code="v">Newspapers.</subfield></datafield><datafield ind1=" " ind2="0" tag="651"><subfield code="a">Lamoille County (Vt.)</subfield><subfield code="v">Newspapers.</subfield></datafield><datafield ind1=" " ind2="0" tag="651"><subfield code="a">Vermont</subfield><subfield code="v">Newspapers.</subfield></datafield><datafield ind1=" " ind2="7" tag="651"><subfield code="a">Vermont.</subfield><subfield code="2">fast</subfield><subfield code="0">(OCoLC)fst01204305</subfield></datafield><datafield ind1=" " ind2="7" tag="651"><subfield code="a">Vermont</subfield><subfield code="z">Lamoille County.</subfield><subfield code="2">fast</subfield><subfield code="0">(OCoLC)fst01221237</subfield></datafield><datafield ind1=" " ind2="7" tag="651"><subfield code="a">Vermont</subfield><subfield code="z">Morrisville.</subfield><subfield code="2">fast</subfield><subfield code="0">(OCoLC)fst01219199</subfield></datafield><datafield ind1=" " ind2="7" tag="655"><subfield code="a">Newspapers.</subfield><subfield code="2">fast</subfield><subfield code="0">(OCoLC)fst01423814</subfield></datafield><datafield ind1="1" ind2=" " tag="700"><subfield code="a">Earle, A. A.</subfield></datafield><datafield ind1=" " ind2=" " tag="752"><subfield code="a">United States</subfield><subfield code="b">Vermont</subfield><subfield code="c">Lamoille</subfield><subfield code="d">Morrisville.</subfield></datafield><datafield ind1="0" ind2="5" tag="780"><subfield code="t">Lamoille newsdealer</subfield><subfield code="g">1877</subfield><subfield code="x">2376-8320</subfield><subfield code="w">(DLC)sn 84023428</subfield><subfield code="w">(OCoLC)10868251</subfield></datafield><datafield ind1="1" ind2="7" tag="785"><subfield code="t">Lamoille news</subfield><subfield code="x">2376-8304</subfield><subfield code="w">(DLC)sn 87091094</subfield><subfield code="w">(OCoLC)16917802</subfield></datafield><datafield ind1="1" ind2="7" tag="785"><subfield code="t">News and citizen (Morrisville, Vt.)</subfield><subfield code="x">2376-8371</subfield><subfield code="w">(DLC)sn 97067613</subfield><subfield code="w">(OCoLC)9572968</subfield></datafield></record>